
 @misc{time_series_models, title={Time Series: Economic forecasting - harvard university}, url={https://scholar.harvard.edu/files/stock/files/time_series_economic_forecasting.pdf}, journal={International Encyclopedia of Social &amp; Behavioral Sciences}, publisher={Harvard University}, author={Smelser, N. J. and Baltes, P. B.}, year={2001}, month={Nov}} 